@InProceedings{Cunche.cfip09,
  author="M. Cunche and V. Roca",
  title="{L}e {RFC} 5170 en pratique : conception et {\'e}valuation d'un codec
		{AL}-{FEC} {LDPC}-staircase hautes performances",
  BookTitle="Colloque Francophone sur l'Ing√©rierie des Protocoles (CFIP)",
  month = oct,
  year  = 2009
}

